<?xml version="1.0" encoding="UTF-8"?><collection xmlns="http://www.loc.gov/MARC21/slim"><record><leader>00328nam--2200133-i-4500</leader><controlfield tag="001">000033832</controlfield><controlfield tag="002">20161230</controlfield><controlfield tag="005">20161230201039</controlfield><controlfield tag="008">060222s1000------------r-----000-0-eng-d</controlfield><datafield ind1=" " ind2=" " tag="080"><subfield code="a">54(075.8)</subfield></datafield><datafield ind1=" " ind2=" " tag="100"><subfield code="a">Nenitescu Costin D</subfield></datafield><datafield ind1=" " ind2=" " tag="245"><subfield code="a">Chimie generala</subfield></datafield><datafield ind1=" " ind2=" " tag="260"><subfield code="a">Bucuresti, Ed.Didactica Si Pedagogica. Lv+1289p</subfield></datafield><datafield ind1=" " ind2=" " tag="852"><subfield code="a">46977</subfield></datafield></record></collection>